@online{cctvnews,
	author = {杨书杰},
	title = {10.26万亿元、200亿元，利好积聚！“数”里行间透视中国经济活力},
	url = {https://news.cctv.com/2025/06/05/ARTIak5G4TuHgmOXq2I89J5S250605.shtml},
	urldate = {2025-06-05},
}


@book{caimin2006,
title = {UML 基础和 Rose 建模教程},
address = {北京},
author = {蔡敏 and 徐慧慧 and 黄柄强},
publisher = {人民邮电出版社},
year = {2006},
month = {1}
}

@Book{Peebles2001-100-100,
  Title                    = {Probability, random variable, and random signal Principles and \LaTeX{}},
  Address                  = {New York},
  Author                   = {von Peebles, Jr., P. Z.},
  Edition                  = {4},
  Pages                    = {100},
  Publisher                = {McGraw-Hill},
  Year                     = {2001},
 Month                  ={5},
}

@article{Alice13,
title = {Demostration of bibliography items},
author = {Alice Axford and Bob Birkin and Charlie Copper and Danny Dannford},
year = {2013},
month = {Mar},
journal = {Journal of \TeX perts},
volume = {36},
number = {7},
pages = {114-120}}

@article{jin1993,
	author = {金显贺 and 王昌长 and 王忠东 and 等},
	title = {一种用于在线检测局部放电的数字滤波技术},
	journal = {清华大学学报(自然科学版)},
	year = {1993},
	volume = {33},
	number = {4},
	pages = {62--67}
}

@article{hossain2012,
	author = {Hossain, D. S. and Mohanty, S. and Ray, P. and et al.},
	title = {Tumor gangliosides and T cells: A deadly encounter},
	journal = {Frontiers in Bioscience (Scholar Edition)},
	year = {2012},
	volume = {4},
	pages = {502--519}
}

@book{jin2001,
	author = {金伯泉},
	title = {细胞和分子免疫学},
	edition = {第2版},
	publisher = {科学出版社},
	address = {北京},
	year = {2001},
	pages = {620--634}
}

@book{gill1985,
	author = {Gill, R.},
	title = {Mastering English Literature},
	publisher = {Macmillan},
	address = {London},
	year = {1985},
	pages = {42--45}
}

@incollection{zhong1996,
	author = {钟文发},
	title = {非线性规划在可燃毒物配置中的应用},
	booktitle = {运筹学的理论与应用--中国运筹学会第五届大会论文集},
	editor = {赵玮},
	publisher = {西安电子科技大学出版社},
	address = {西安},
	year = {1996},
	pages = {468--471}
}

@inproceedings{secrest1982,
	author = {B. G. Secrest and G. R. Doddington},
	title = {Postprocessing techniques for voice pitch trackers},
	booktitle = {Proc. IEEE ICASSP},
	year = {1982},
	pages = {172--175}
}

@thesis{tong1999,
	author = {童小东},
	title = {水泥土添加剂及其损伤模型试验},
	school = {浙江大学},
	address = {杭州},
	year = {1999}
}

@thesis{fan2002,
	author = {Xiaohui Fan},
	title = {Preparation of Chimeric Antibody against Human Cathepsin B},
	school = {University of Ljubljana},
	address = {Ljubljana},
	year = {2002}
}

@patent{liu1993,
	author = {刘加林},
	title = {多功能一次性压舌板},
	country = {中国},
	number = {92214985},
	date = {1993-04-14}
}

@patent{riley1990,
	author = {T. A. D. Riley},
	title = {Frequency synthesizers},
	number = {U.S. Patent 4965531},
	date = {Oct. 1990}
}

@standard{han1996,
	author = {汉语拼音正词法委员会},
	title = {汉语拼音正词法基本规则},
	number = {GB/T 16159-1996},
	publisher = {中国标准出版社},
	address = {北京},
	year = {1996}
}

